@misc{erettsegi_com,
	title="Rómeó és Júlia elemzés, rövid történet",
	howpublished="http://erettsegi.com/tetelek/irodalom/romeo-es-julia-elemzes-rovid-tortenet/",
	note="2017.07.18"
}
@misc{12es,
	title="17. tétel: Shakespeare: Rómeó és Júlia",
	howpublished="http://12-eskorzet.blogspot.hu/2015/05/17-tetel-shakespeare-romeo-es-julia.html",
	note="2017.07.18"
}