@MISC {Sajatossagok,
	title = "Homéroszi eposzok sajátosságai",
	howpublished= "http://erettsegi.com/tetelek/irodalom/homeroszi-muvek-sajatossagai-allandosult-elemek-eposzi-kellekek/",
	note="2017.07.07"
}
@MISC {TetelOdusszeia,
	title = "Homérosz:Odüsszeia",
	howpublished= "http://erettsegi.com/tetelek/irodalom/homerosz-odusszeia/",
	note="2017.07.07"
}
@MISC {WIliasz,
	title = "Íliász-Wiki",
	howpublished= "https://hu.wikipedia.org/wiki/Iliasz",
	note="2017.07.10"
}